@article{zimmermann2016microservices,
  title={Microservices Tenets: Agile Approach to Service Development and Deployment},
  author={Zimmermann, O},
  journal={Computer Science-Research and Development, Springer (to appear)},
  year={2016}
}

@book{millett2015patterns,
  title={Patterns, Principles and Practices of Domain-Driven Design},
  author={Millett, Scott},
  year={2015},
  publisher={John Wiley \& Sons}
}

@phdthesis{fehling2015cloud,
  title={Cloud computing patterns: identification, design, and application},
  author={Fehling, Christoph},
  school={Universität Stuttgart},
  year={2015}
}



@misc{earnshaw2013devops,
  title={Cloud computing patterns: identification, design, and application},
  author={Aliza Earnshaw},
  howpublished="\url{https://puppet.com/blog/what-a-devops-engineer}",
  year={2013}
}

@inproceedings{pahl2015containers,
  title={Containers and clusters for edge cloud architectures--a technology review},
  author={Pahl, Claus and Lee, Brian},
  booktitle={Future Internet of Things and Cloud (FiCloud), 2015 3rd International Conference on},
  pages={379--386},
  year={2015},
  organization={IEEE}
}

@misc{wolf_ms,
	title={Introduction into Microservices},
	author={Oliver Wolf},
	howpublished="\url{https://specify.io/concepts/microservices}",
}

@book{RTR3,
 author = {Tomas Akenine-Möller and Eric Haines and Naty Hoffman},
 title = {Real-Time Rendering 3rd Edition},
 year = {2008},
 pages = {1045},
 isbn = {987-1-56881-424-7},
 publisher = {A. K. Peters, Ltd.},
 address = {Natick, MA, USA},
}

@book{shaker2014procedural,
  title={Procedural Content Generation In Games},
  author={Shaker, Noor and Togelius, Julian and Nelson, M},
  year={2014},
  publisher={Springer}
}

@book{wieringa2014design_science,
  title={Design Science Methodology for Information Systems and Software Engineering},
  author={Roel J. Wieringa},
  year={2014},
  publisher={Springer}
}

@misc{lee2014procedural,
	title={How Procedural Generation Took Over The Gaming Industry},
	author={Joel Lee},
	year={2014},
	howpublished="\url{http://www.makeuseof.com/tag/procedural-generation-took-gaming-industry/}",
}

@techreport{biedermann2016design_science,
	title={Design Science, The Design Cycle \& Theoretical Frameworks}, 
	author={Jonas Biedermann},
	institution={HSR Hochschule für Technik Rapperswil}, 
	year={2016},
}

@misc{gafferon2017games,
  title={GAFFER ON GAMES},
  author={Glenn Fiedler},
  year={2017},
  howpublished="\url{http://gafferongames.com/}",
}

@misc{gambetta_fast_paced,
  title={Fast-Paced Multiplayer},
  author={Gabriel Gambetta},
  howpublished="\url{http://www.gabrielgambetta.com/}",
}

@article{lerilli2012cloud_eval_criteria,
	author={Alessandro Perilli}, 
	title={Evaluation Criteria for Cloud Management Platforms}, 
	journal={Gartner}, 
	year={2012}
}

@misc{toll2016cloud_expert_eval,
  title={13 Cloud Experts Reveal the Most Important Factors in Evaluating Cloud Infrastructure as a Service Vendors},
  author={William Toll},
  year={2016},
  howpublished="\url{https://blog.profitbricks.com/selecting-infrastrucutre-as-a-service/}",
}

@inproceedings{voras2011evaluating,
  title={Evaluating open-source cloud computing solutions},
  author={Voras, Ivan and Mihaljevi{\'c}, Branko and Orli{\'c}, Marin and Pletikosa, Marko and {\v{Z}}agar, Mario and Pavi{\'c}, Tomislav and Zimmer, Kristijan and {\v{C}}avrak, Igor and Paunovi{\'c}, Vlatka and Bosni{\'c}, Ivana and others},
  booktitle={MIPRO, 2011 Proceedings of the 34th International Convention},
  pages={209--214},
  year={2011},
  organization={IEEE}
}

@misc{roberts2016aws,
  title={Star Citizen and Squadron 42 Utilize Amazon Lumberyard Game Engine},
  author={David Swofford},
  year={2016},
  howpublished="\url{https://robertsspaceindustries.com/comm-link/press/15660-Star-Citizen-And-Squadron-42-Utilize-Amazon-Lumberyard-Game-Engine}",
}

@article{pronschinske2015turbine,
	author={Mitch Pronschinske}, 
	title={Turbine: A Microservice Approach to Three Billion Game Requests a Day}, 
	journal={DZone}, 
	year={2015}
}

@inproceedings{gai2012towards,
  title={Towards cloud computing: a literature review on cloud computing and its development trends},
  author={Gai, Keke and Li, Saier},
  booktitle={Multimedia Information Networking and Security (MINES), 2012 Fourth International Conference on},
  pages={142--146},
  year={2012},
  organization={IEEE}
}

@misc{cazorla2017db_containers,
  title={WHY DATABASES ARE NOT FOR CONTAINERS},
  author={Mikhail Chinkov},
  year={2017},
  howpublished="\url{https://myopsblog.wordpress.com/2017/02/06/why-databases-is-not-for-containers/}",
}

@misc{micronet2017doku,
  title={MicoNet - Source Code, Examples, and Documentation},
  author={Jonas Biedermann},
  year={2017},
  howpublished="\url{https://github.com/MrHaribo}",
}

@misc{graham2016distributed_transactions,
  title={Distributed Transactions: The Icebergs of Microservices},
  author={Graham Lea},
  year={2016},
  howpublished="\url{http://www.grahamlea.com/2016/08/distributed-transactions-microservices-icebergs/}",
}

@inproceedings{di2017research,
  title={Research on Architecting Microservices: Trends, Focus, and Potential for Industrial Adoption},
  author={Di Francesco, Paolo and Malavolta, Ivano and Lago, Patricia},
  booktitle={Software Architecture (ICSA), 2017 IEEE International Conference on},
  pages={21--30},
  year={2017},
  organization={IEEE}
}

@article{bosch2017towards,
  title={Towards Evidence-Based Organizations: Learnings From Embedded Systems, Online Games And Internet of Things},
  author={Bosch, Jan and Olsson, Helena},
  journal={IEEE Software},
  year={2017},
  publisher={IEEE}
}

@book{smed2017algorithms,
  title={Algorithms and networking for computer games},
  author={Smed, Jouni and Hakonen, Harri},
  year={2017},
  publisher={John Wiley \& Sons}
}

@misc{liu2017apparatus,
  title={Apparatus and method to play a multiplayer, online game},
  author={Liu, Lei and Gregory, L Sylvester II},
  year={2017},
  month=mar # "~28",
  publisher={Google Patents},
  note={US Patent 9,604,146}
}

@book{josuttis2007soa,
  title={SOA in Practice},
  author={Nicolai M. Josuttis},
  year={2007},
  publisher={O'Reilly Media, Inc.}
}

@misc{rajeev2016ms_popular,
  title={5 Reasons why Microservices have become so popular in the last 2 years},
  author={Rajeev Sakhuja},
  year={2016},
  howpublished="\url{https://www.linkedin.com/pulse/5-reasons-why-microservices-have-become-so-popular-last-sakhuja}",
}

@inproceedings{pneuli1990distributed,
  title={Distributed reactive systems are hard to synthesize},
  author={Pneuli, Amir and Rosner, Roni},
  booktitle={Foundations of Computer Science, 1990. Proceedings., 31st Annual Symposium on},
  pages={746--757},
  year={1990},
  organization={IEEE}
}

@inproceedings{kupermann2001synthesizing,
  title={Synthesizing distributed systems},
  author={Kupermann, O and Varfi, MY},
  booktitle={Logic in Computer Science, 2001. Proceedings. 16th Annual IEEE Symposium on},
  pages={389--398},
  year={2001},
  organization={IEEE}
}
